@Comment А вот так оформляется библиография при помощи BibTeX.

@article{Bees,
	author =	{Lei Chen and Liyi Zhang and Yanju Guo and Yong Huang and Jingyi Liang},
	title = 	{Blind Source Separation Based on Covariance Ratio and Artificial Bee Colony Algorithm},
	journal = 	{Mathematical Problems in Engineering},
	year = 		{2014}
}

@article{Dadula,
	author = {Dadula, C. P. and Dadios, E. P},
	title = {A genetic algorithm for blind source separation based on independent component analysis},
	journal = {International Conference on Humanoid, Nanotechnology, Informa- tion Technology, Communication and Control, Environment and Management},
	year = {2014}
}

@article{Lopez,
	author = {Lopez, P. and Molina Lozano, H. and Sanchez, F. and Oliva Moreno, L. N.},
	title = {Blind Source Separation of audio signals using independent component analysis and wavelets},
	journal = {21st International Conference on Electrical Communications and Computers},
	year = 2011
}

@book{Bikkenin,
	author = {Биккенин, Р. Р. and Чесноков, М. Н.},
	title = {Теория электрической связи},
	publisher = {Издательский центр <<Академия>>},
	year = {2010},
	pages = {336}
}

@article{DLee,
	author = {Lee, D. D. and Seung H. S.},
	title = {Algorithms for Non-negative Matrix	Factorization},
	journal = {Advances in Neural Information Processing Systems},
	year = 2001 
}

@article{ozerov,
	TITLE = {{A General Flexible Framework for the Handling of Prior Information in Audio Source Separation}},
	AUTHOR = {Ozerov, Alexey and Vincent, Emmanuel and Bimbot, Fr{\'e}d{\'e}ric},
	JOURNAL = {{IEEE Transactions on Audio, Speech and Language Processing}},
	PUBLISHER = {{Institute of Electrical and Electronics Engineers}},
	YEAR = {2012}
}

@article{[Krizhevsky,
	TITLE = {{ImageNet Classification with Deep Convolutional
	Neural Networks}},
	AUTHOR = {Krizhevsky, Alexey and Sutskever, Ilya and Bimbot, Geoffrey E.},
	JOURNAL = {{Advances in Neural Information Processing Systems}},
	PUBLISHER = {{Advances in Neural Information Processing Systems}},
	YEAR = {2012}
}

@article{[Grais,
TITLE = {{Deep neural networks for single channel source separation}},
AUTHOR = {Grais, Emad M. and Sen, Mehmet Umut and Erdogan, Hakan},
JOURNAL = {{Speech and Signal Processing}},
PUBLISHER = {{IEEE International Conference on Acoustics}},
YEAR = {2014}
}

@article{[Chandna,
TITLE = {{Audio Source Separation Using Deep Neural Networks}},
AUTHOR = {Chandna, Pritish},
JOURNAL = {TESI DOCTORAL UPF},
PUBLISHER = {{Music Technology Group}},
YEAR = {2016}
}

@article{[Huang,
TITLE = {{Singing-Voice Separation From Monaural Recordings Using Deep Recurrent Neural Networks}},
AUTHOR = {Huang, Po-Sen and Kim, Minje and Hasegawa-Johnson, Mark and Smaragdis, Paris},
JOURNAL = {Ismir},
YEAR = {2014}
}